@book{drugbank,
  title = {DrugBank5.0: a major update to the DrugBank database for 2018},
  author = {Wishart DS and Feunang YD and Guo AC and Lo EJ and Marcu A and Grant JR and Sajed T and Johnson D and Li C and Sayeeda Z and Assempour N and Iynkkaran I and Liu Y and Maciejewski A and Gale N and Wilson A and Chin L and Cummings R and Le D and Pon A and Knox C and Wilson M.},
  year = {2017},
  publisher = {"Nucleic Acids Res."},
}

@book{reactome,
  title = {Efficient Multi-Omics Comparative Pathway Analysis.},
  author = {Griss J and Viteri G and Sidiropoulos K and Nguyen V and Fabregat A and Hermjakob H.},
  year = {2020},
  publisher = {"ReactomeGSA"},
}

@book{britannica,
  title = {Metabolic Disease.},
  author = {Enns and Gregory.},
  year = {2019},
  publisher = {"Encyclopedia Britannica"},
}

@article{biogrid,
    author = {Stark, Chris and Breitkreutz, Bobby-Joe and Reguly, Teresa and Boucher, Lorrie and Breitkreutz, Ashton and Tyers, Mike},
    title = "{BioGRID: a general repository for interaction datasets}",
    journal = {Nucleic Acids Research},
    volume = {34},
    number = {suppl_1},
    pages = {D535-D539},
    year = {2006},
    month = {01},
    issn = {0305-1048},
    doi = {10.1093/nar/gkj109},
    url = {https://doi.org/10.1093/nar/gkj109},
    eprint = {https://academic.oup.com/nar/article-pdf/34/suppl\_1/D535/3925435/gkj109.pdf},
}